% Encoding: UTF-8

@Online{Anderson2018,
  author  = {Greg Anderson and Aaron Weaver and Charles Neill and Jay Paz},
  title   = {OWASP DefectDojo Project},
  date    = {2018-08-24},
  url     = {https://www.owasp.org/index.php/OWASP_DefectDojo_Project},
  urldate = {2018-10-15},
  file    = {:Quellen/OWASP DefectDojo Project/OWASP DefectDojo Project.htm:htm},
}

@MastersThesis{Micheelsen2016,
  author      = {Stefan Micheelsen and Bruno Thalmann},
  title       = {PyT},
  institution = {Aalborg University},
  date        = {2016-05-31},
  subtitle    = {A Static Analysis Tool for Detecting Security Vulnerabilities in Python Web Applications},
  url         = {http://projekter.aau.dk/projekter/files/239563289/final.pdf},
  urldate     = {2018-10-15},
  file        = {:Quellen/PyT.pdf:PDF},
}

@Online{Ronacher2018,
  author  = {Armin Ronacher},
  title   = {Flask},
  date    = {2018-05-02},
  url     = {http://flask.pocoo.org/},
  urldate = {2018-10-15},
  file    = {:Quellen/Flask/Flask.htm:htm},
}

@Online{DSF2018,
  author  = {{Django Software Foundation}},
  title   = {The Web framework for perfectionists with deadlines | Django},
  date    = {2018-10-01},
  url     = {https://www.djangoproject.com/},
  urldate = {2018-10-15},
  file    = {:Quellen/Django/Django.htm:htm},
}

@Online{PSF2018,
  author  = {{Python Software Foundation}},
  title   = {ast — Abstract Syntax Trees},
  date    = {2018-08-02},
  url     = {https://docs.python.org/3.5/library/ast.html},
  urldate = {2018-10-15},
  file    = {:Quellen/ast/ast.html:URL},
}

@Online{SecureSoftware2013,
  author   = {{Secure Software Inc.}},
  title    = {RATS},
  date     = {2013-12-31},
  url      = {https://code.google.com/archive/p/rough-auditing-tool-for-security/},
  subtitle = {Rough Auditing Tool for Security},
  urldate  = {2018-10-15},
  file     = {:Quellen/RATS/RATS.htm:htm},
}

@Online{Gaynor2013,
  author       = {Alex Gaynor},
  title        = {So you want to write an interpreter?},
  date         = {2013},
  url          = {https://youtu.be/LCslqgM48D4?t=316},
  organization = {Pycon US 2013},
  urldate      = {2018-10-16},
}

@Online{Lesk2006,
  author  = {M. E. Lesk and E. Schmidt},
  title   = {Lex - A Lexical Analyzer Generator},
  date    = {2006-03-29},
  url     = {http://dinosaur.compilertools.net/lex/index.html},
  urldate = {2018-10-16},
  file    = {:Quellen/Lex - A Lexical Analyzer Generator/Lex - A Lexical Analyzer Generator.html:URL},
}

@Online{Johnson2006,
  author       = {Stephen C. Johnson},
  title        = {Yacc: Yet Another Compiler-Compiler},
  date         = {2006-03-29},
  url          = {http://dinosaur.compilertools.net/yacc/index.html},
  organization = {AT\&T Bell Laboratories},
  urldate      = {2018-10-16},
  file         = {:Quellen/Yacc  Yet Another Compiler-Compiler/Yacc  Yet Another Compiler-Compiler.html:URL},
}

@Online{Beazley2018,
  author  = {David Beazley},
  title   = {PLY (Python Lex-Yacc)},
  date    = {2018-09-07},
  url     = {http://www.dabeaz.com/ply/},
  urldate = {2018-10-16},
  file    = {:Quellen/PLY (Python Lex-Yacc)/PLY (Python Lex-Yacc).htm:htm},
}

@Book{Mogensen2017,
  author    = {Torben {\AE}gidius Mogensen},
  title     = {Introduction to Compiler Design},
  year      = {2017},
  publisher = {Springer International Publishing},
  doi       = {10.1007/978-3-319-66966-3},
  url       = {https://doi.org/10.1007/978-3-319-66966-3},
  file      = {:Quellen/Introduction to Compiler Design.pdf:PDF},
}

@Book{Watson2017,
  author    = {Des Watson},
  title     = {A Practical Approach to Compiler Construction},
  year      = {2017},
  publisher = {Springer International Publishing},
  doi       = {10.1007/978-3-319-52789-5},
  url       = {https://doi.org/10.1007/978-3-319-52789-5},
  file      = {:Quellen/A Practical Approach to Compiler Construction.pdf:PDF},
}

@Online{Sunitha2013,
  author       = {Kalyani V. N. Sunitha},
  title        = {Compiler Construction},
  date         = {2013-06-01},
  url          = {https://www.oreilly.com/library/view/compiler-construction/9789332524590/xhtml/chapter005.xhtml},
  organization = {O’reilly},
  urldate      = {2018-10-17},
  file         = {:Quellen/Compiler Construction/Compiler Construction.htm:htm},
}

@TechReport{Stock2017,
  author      = {Andrew van der Stock and Neil Smithline and Torsten Gigler},
  title       = {OWASP Top 10 - 2017},
  institution = {The {OWASP} Foundation},
  date        = {2017-11-20},
  url         = {https://www.owasp.org/images/7/72/OWASP_Top_10-2017_%28en%29.pdf.pdf},
  urldate     = {2018-10-17},
  file        = {:Quellen/OWASP Top 10 - 2017.pdf:PDF},
}

@InProceedings{Schwartz2010,
  author    = {Edward J. Schwartz and Thanassis Avgerinos and David Brumley},
  title     = {All You Ever Wanted to Know About Dynamic Taint Analysis and Forward Symbolic Execution (but Might Have Been Afraid to Ask)},
  booktitle = {Proceedings of the 2010 IEEE Symposium on Security and Privacy},
  year      = {2010},
  series    = {SP '10},
  publisher = {IEEE Computer Society},
  isbn      = {978-0-7695-4035-1},
  pages     = {317--331},
  doi       = {10.1109/SP.2010.26},
  url       = {http://dx.doi.org/10.1109/SP.2010.26},
  acmid     = {1849981},
  address   = {Washington, DC, USA},
  file      = {:Quellen/All You Ever Wanted to Know About Dynamic Taint Analysis and Forward Symbolic Execution.pdf:PDF},
  keywords  = {taint analysis, symbolic execution, dynamic analysis},
  numpages  = {15},
}

@InProceedings{Kuznetsov2012,
  author    = {Volodymyr Kuznetsov and Johannes Kinder and Stefan Bucur and George Candea},
  title     = {Efficient State Merging in Symbolic Execution},
  booktitle = {Proceedings of the 33rd ACM SIGPLAN Conference on Programming Language Design and Implementation},
  year      = {2012},
  series    = {PLDI '12},
  publisher = {ACM},
  location  = {Beijing, China},
  isbn      = {978-1-4503-1205-9},
  pages     = {193--204},
  doi       = {10.1145/2254064.2254088},
  url       = {http://doi.acm.org/10.1145/2254064.2254088},
  acmid     = {2254088},
  address   = {New York, NY, USA},
  file      = {:Quellen/Efficient state merging in symbolic execution.pdf:PDF},
  keywords  = {bounded software model checking, state merging, symbolic execution, testing, verification},
  numpages  = {12},
}

@Unpublished{Kuske2011,
  author  = {Dietrich Kuske},
  title   = {Berechenbarkeit und Komplexität},
  date    = {2011-01-17},
  url     = {https://www.tu-ilmenau.de/fileadmin/public/iti/Lehre/BuK/WS10_11/buk_vorlesung_09.pdf},
  urldate = {2018-10-19},
  file    = {:Quellen/Berechenbarkeit und Komplexität.pdf:PDF},
}

@Unpublished{Schwartzbach2007,
  author  = {Michael I. Schwartzbach},
  title   = {Lecture Notes on Static Analysis},
  date    = {2007-12-18},
  url     = {http://lara.epfl.ch/w/_media/sav08:schwartzbach.pdf},
  urldate = {2018-10-19},
  file    = {:Quellen/Lecture Notes on Static Analysis.pdf:PDF},
}

@Online{Ringel2005,
  author       = {Claus Michael Ringel},
  title        = {Relation, Halbordnung, Verband},
  date         = {2005-01-09},
  url          = {https://www.math.uni-bielefeld.de/~sek/linalg/leit/poset.htm},
  organization = {Universität Bielefeld},
  urldate      = {2018-10-24},
  file         = {:Quellen/Relation, Halbordnung, Verband/Relation, Halbordnung, Verband.htm:htm},
}

@Online{Prisner2000,
  author       = {Erich Prisner},
  title        = {Verbandsordnungen/Verbände},
  date         = {2000-04},
  url          = {https://www.math.tu-cottbus.de/INSTITUT/lsgdi/DM/Unix/Verband.html},
  organization = {TU Cottbus},
  urldate      = {2018-10-24},
  file         = {:Quellen/VerbandsordnungenVerbände/VerbandsordnungenVerbände.html:URL},
}

@Unpublished{Kulkarni2011,
  author  = {Milind Kulkarni},
  title   = {Control flow graphs and loop optimizations},
  date    = {2011-04-14},
  url     = {https://engineering.purdue.edu/~milind/ece573/2011spring/lecture-11.pdf},
  urldate = {2018-10-25},
  file    = {:Quellen/Control flow graphs and loop optimizations.pdf:PDF},
}

@Unpublished{Hicks2013,
  author  = {Michael Hicks},
  title   = {Symbolic Execution for finding bugs},
  date    = {2013-05-15},
  url     = {https://www.cs.umd.edu/%7Emwh/se-tutorial/symbolic-exec.pdf},
  urldate = {2018-10-30},
  file    = {:Quellen/Symbolic Execution for finding bugs.pdf:PDF},
}

@Online{FSF2009,
  author  = {{Free Software Foundation, Inc.}},
  title   = {Options Controlling the Kind of Output},
  date    = {2009-07-22},
  url     = {https://gcc.gnu.org/onlinedocs/gcc-4.4.1/gcc/Overall-Options.html#index-file-name-suffix-71},
  urldate = {2018-11-02},
  file    = {:Quellen/Options Controlling the Kind of Output/Overall Options - Using the GNU Compiler Collection (GCC).html:URL},
}

@Online{FILExt2018,
  author  = {{FILExt}},
  title   = {File Extension B},
  date    = {2018-08-15},
  url     = {http://filext.com/file-extension/B},
  urldate = {2018-11-02},
  file    = {:Quellen/File Extension B/File Extension B.htm:htm},
}

@Online{Rossum2018,
  author  = {Guido van Rossum},
  title   = {What’s New In Python 3.0},
  date    = {2018-11-08},
  url     = {https://docs.python.org/3/whatsnew/3.0.html#},
  urldate = {2018-11-08},
  file    = {:Quellen/What’s New In Python 3.0/What’s New In Python 3.0.html:URL},
}

@Online{PSF2018a,
  author  = {{Python Software Foundation}},
  title   = {20.1. html — HyperText Markup Language support},
  date    = {2018-08-02},
  url     = {https://docs.python.org/3.5/library/html.html#html.escape},
  urldate = {2018-11-08},
  file    = {:Quellen/20.1. html — HyperText Markup Language support/20.1. html — HyperText Markup Language support.html:URL},
}

@Online{Janca2018,
  author       = {Tanya Janca},
  title        = {XSS (Cross Site Scripting) Prevention Cheat Sheet},
  date         = {2018-08-10},
  url          = {https://www.owasp.org/index.php?title=XSS_(Cross_Site_Scripting)_Prevention_Cheat_Sheet#XSS_Prevention_Rules_Summary},
  organization = {OWASP},
  urldate      = {2018-11-08},
  file         = {:Quellen/XSS (Cross Site Scripting) Prevention Cheat Sheet/XSS (Cross Site Scripting) Prevention Cheat Sheet.htm:htm},
}

@Online{Chandel2017,
  author  = {Raj Chandel},
  title   = {RCE with LFI and SSH Log Poisoning},
  date    = {2017-02-20},
  url     = {http://www.hackingarticles.in/rce-with-lfi-and-ssh-log-poisoning/},
  urldate = {2018-11-12},
  file    = {:Quellen/RCE with LFI and SSH Log Poisoning/RCE with LFI and SSH Log Poisoning.htm:htm},
}

@Online{PHPGroup2018,
  author  = {{The PHP Group}},
  title   = {PHP: assert - Manual},
  date    = {2018-11-13},
  url     = {https://secure.php.net/manual/en/function.assert.php},
  urldate = {2018-11-13},
  file    = {:Quellen/PHP  assert - Manual/PHP  assert - Manual.htm:htm},
}

@Article{Shore2004,
  author    = {Jim Shore},
  title     = {Fail Fast},
  journal   = {{IEEE} Software},
  date      = {2004-09},
  volume    = {21},
  number    = {05},
  pages     = {21--25},
  doi       = {10.1109/ms.2004.1331296},
  url       = {https://doi.org/10.1109/ms.2004.1331296},
  file      = {:Quellen/Fail Fast.pdf:PDF},
  publisher = {Institute of Electrical and Electronics Engineers ({IEEE})},
}

@Online{Seacord2015,
  author       = {Robert Seacord},
  title        = {Input Validation and Data Sanitization},
  date         = {2015-04-28},
  url          = {https://wiki.sei.cmu.edu/confluence/display/java/Input+Validation+and+Data+Sanitization},
  organization = {Carnegie Mellon University},
  urldate      = {2018-11-14},
  file         = {:Quellen/Input Validation and Data Sanitization/Input Validation and Data Sanitization.htm:htm},
}

@InProceedings{Wang2012,
  author    = {Wang, Xi and Chen, Haogang and Cheung, Alvin and Jia, Zhihao and Zeldovich, Nickolai and Kaashoek, M. Frans},
  title     = {Undefined Behavior: What Happened to My Code?},
  booktitle = {Proceedings of the Asia-Pacific Workshop on Systems},
  year      = {2012},
  series    = {APSYS '12},
  publisher = {ACM},
  location  = {Seoul, Republic of Korea},
  isbn      = {978-1-4503-1669-9},
  pages     = {9:1--9:7},
  doi       = {10.1145/2349896.2349905},
  url       = {http://doi.acm.org/10.1145/2349896.2349905},
  acmid     = {2349905},
  address   = {New York, NY, USA},
  articleno = {9},
  file      = {:Quellen/Undefined behavior What happened to my code.pdf:PDF},
  numpages  = {7},
}

@Online{Andreko2011,
  author  = {Matt Andreko},
  title   = {Exploit Exercises - Protostar Stack 5},
  date    = {2011-12-17},
  url     = {https://www.mattandreko.com/2011/12/17/exploit-exercises-protostar-stack-5/},
  urldate = {2018-11-16},
  file    = {:Quellen/Exploit Exercises - Protostar Stack 5/Exploit Exercises - Protostar Stack 5.htm:htm},
}

@TechReport{Bray2017,
  author      = {T. Bray},
  title       = {The JavaScript Object Notation (JSON) Data Interchange Format},
  institution = {Textuality},
  date        = {2017-12},
  pages       = {6},
  pagetotal   = {16},
  url         = {https://tools.ietf.org/html/rfc8259#section-3},
  urldate     = {2018-11-20},
  file        = {:Quellen/The JavaScript Object Notation (JSON) Data Interchange Format.pdf:PDF},
}

@Online{Ippolito2005,
  author  = {Bob Ippolito},
  title   = {Remote JSON - JSONP},
  date    = {2005-12-05},
  url     = {https://bob.ippoli.to/javascript/mochikit/ajax/archives/2005/12/05/remote-json-jsonp},
  urldate = {2018-11-20},
  file    = {:Quellen/Remote JSON - JSONP/Remote JSON - JSONP.htm:htm},
}

@Online{Ben-Kiki2009,
  author  = {Oren Ben-Kiki and Clark Evans and Ingy döt Net},
  title   = {YAML Ain’t Markup Language (YAML™) Version 1.2},
  date    = {2009-10-01},
  url     = {http://yaml.org/spec/1.2/spec.html#id2708649},
  urldate = {2018-11-21},
  file    = {:Quellen/YAML Ain’t Markup Language (YAML™) Version 1.2/YAML Ain’t Markup Language (YAML™) Version 1.2.html:URL},
}

@Online{Net2018,
  author  = {Ingy döt Net and Kirill Simonov},
  title   = {PyYAML Documentation},
  date    = {2018-07-17},
  url     = {https://pyyaml.org/wiki/PyYAMLDocumentation#loading-yaml},
  urldate = {2018-11-21},
  file    = {:Quellen/PyYAML Documentation/PyYAML Documentation.htm:htm},
}

@Online{Sullivan2009,
  author  = {Bryan Sullivan},
  title   = {Security Briefs - XML Denial of Service Attacks and Defenses},
  date    = {2009-11},
  url     = {https://msdn.microsoft.com/en-us/magazine/ee335713.aspx},
  urldate = {2018-11-22},
  file    = {:Quellen/Security Briefs - XML Denial of Service Attacks and Defenses/Security Briefs - XML Denial of Service Attacks and Defenses.htm:htm},
}

@Online{Smithline2017,
  author  = {Neil Smithline},
  title   = {XML External Entity (XXE) Processing},
  date    = {2017-10-14},
  url     = {https://www.owasp.org/index.php/XML_External_Entity_(XXE)_Processing},
  urldate = {2018-11-22},
  file    = {:Quellen/XML External Entity (XXE) Processing/XML External Entity (XXE) Processing.htm:htm},
}

@Online{RIB2018,
  author  = {{R Interview Bubble}},
  title   = {Billion laughs attack (YAML Bomb)},
  date    = {2018-04-05},
  url     = {https://interviewbubble.com/billion-laughs-attack-yaml-bomb/},
  urldate = {2018-11-23},
  file    = {:Quellen/Billion laughs attack (YAML Bomb)/Billion laughs attack (YAML Bomb).htm:htm},
}

@Online{guyskk2016,
  author  = {guyskk},
  title   = {Simple YAML},
  date    = {2016-11-25},
  url     = {https://github.com/guyskk/simple-yaml},
  urldate = {2018-11-23},
  file    = {:Quellen/Simple YAML/Simple YAML.htm:htm},
}

@TechReport{Ferguson1999,
  author      = {Niels Ferguson and Bruce Schneier},
  title       = {A Cryptographic Evaluation of IPsec},
  institution = {Counterpane Internet Security, Inc.},
  year        = {1999},
  date        = {1999-12-05},
  pages       = {2},
  pagetotal   = {28},
  urldate     = {2017-09-09},
  file        = {:Quellen/A Cryptographic Evaluation of IPsec.pdf:PDF},
}

@InProceedings{Watson1996,
  author    = {Arthur H. Watson and Thomas J. Mccabe and Dolores R. Wallace},
  title     = {Special Publication 500-235, Structured Testing: A Software Testing Methodology Using the Cyclomatic Complexity Metric},
  booktitle = {U.S. Department of Commerce/National Institute of Standards and Technology},
  year      = {1996},
  url       = {http://www.mccabe.com/pdf/nist235r.pdf},
  file      = {:Quellen/Structured Testing A Testing Methodology.pdf:PDF},
}

@Online{Hummel2014,
  author       = {Benjamin Hummel},
  title        = {McCabe's Cyclomatic Complexity and Why We Don't Use It},
  date         = {2014-05-21},
  url          = {https://www.cqse.eu/en/blog/mccabe-cyclomatic-complexity/},
  organization = {Continuous Quality in Software Engineering},
  urldate      = {2018-11-27},
  file         = {:Quellen/McCabe's Cyclomatic Complexity and Why We Don't Use It/McCabe's Cyclomatic Complexity and Why We Don't Use It.htm:htm},
}

@Unpublished{Lauterbach2007,
  author  = {Jeremias Lauterbach},
  title   = {Bilderkennung und Muster aus der Cahn-Hilliard Gleichung},
  date    = {2007-09-04},
  url     = {https://www.math.uni-hamburg.de/home/gunesch/Vorlesung/SoSe2007/Sem_DS_ODE/Vortrag/JL_Vortrag.pdf},
  urldate = {2018-11-28},
  file    = {:Quellen/Bilderkennung und Muster aus der Cahn-Hilliard Gleichung.pdf:PDF},
}

@Online{Academic2015,
  author  = {Academic},
  title   = {Betti-Zahl},
  date    = {2015-04-30},
  url     = {http://deacademic.com/dic.nsf/dewiki/165735},
  urldate = {2018-11-28},
  file    = {:Quellen/Betti-Zahl/Betti-Zahl.htm:URL},
}

@Online{ProjectCodeMeter2014,
  author  = {ProjectCodeMeter},
  title   = {Cyclomatic complexity},
  date    = {2014-08-23},
  url     = {http://www.projectcodemeter.com/cost_estimation/help/GL_cyclomatic.htm},
  urldate = {2018-11-28},
  file    = {:Quellen/Cyclomatic complexity/Cyclomatic complexity.htm:htm},
}

@Online{PSF2018b,
  author  = {{Python Software Foundation}},
  title   = {venv — Creation of virtual environments},
  date    = {2018-12-04},
  url     = {https://docs.python.org/3.6/library/venv.html},
  urldate = {2018-12-04},
  file    = {:Quellen/venv — Creation of virtual environments/venv — Creation of virtual environments.html:URL},
}

@Online{Bicking2018,
  author  = {Ian Bicking},
  title   = {Virtualenv},
  date    = {2018-10-05},
  url     = {https://virtualenv.pypa.io/en/latest/},
  urldate = {2018-12-04},
  file    = {:Quellen/Virtualenv/Virtualenv.htm:htm},
}

@Online{PSF2018c,
  author  = {{Python Software Foundation}},
  title   = {Installing Packages},
  date    = {2018-10-02},
  url     = {https://packaging.python.org/tutorials/installing-packages/#creating-virtual-environments},
  urldate = {2018-12-04},
  file    = {:Quellen/Installing Packages/Installing Packages.htm:htm},
}

@Online{Reitz2018,
  author  = {Kenneth Reitz},
  title   = {Pipenv: Python Dev Workflow for Humans},
  date    = {2018-12-02},
  url     = {https://pipenv.readthedocs.io/en/latest/},
  urldate = {2018-12-04},
  file    = {:Quellen/Pipenv Python Dev Workflow for Humans/Pipenv Python Dev Workflow for Humans.htm:htm},
}

@Online{OpenGroup2018,
  author  = {{The Open Group}},
  title   = {Utility Conventions},
  date    = {2018-12-04},
  url     = {http://pubs.opengroup.org/onlinepubs/9699919799/basedefs/V1_chap12.html#tag_12_01},
  urldate = {2018-12-04},
  file    = {:Quellen/Utility Conventions/Utility Conventions.html:URL},
}

@Online{Keleshev2018,
  author  = {Vladimir Keleshev},
  title   = {docopt creates beautiful command-line interfaces},
  date    = {2018-08-24},
  url     = {https://github.com/docopt/docopt},
  urldate = {2018-12-04},
  file    = {:Quellen/docopt creates beautiful command-line interfaces/docopt creates beautiful command-line interfaces.htm:htm},
}

@Online{Keleshev2018a,
  author  = {Vladimir Keleshev},
  title   = {Schema validation just got Pythonic},
  date    = {2018-12-02},
  url     = {https://github.com/keleshev/schema},
  urldate = {2018-12-04},
  file    = {:Quellen/Schema validation just got Pythonic/Schema validation just got Pythonic.htm:htm},
}

@Online{Rossum2013,
  author  = {Guido van Rossum and Barry Warsaw and Nick Coghlan},
  title   = {PEP 8 -- Style Guide for Python Code},
  date    = {2013-08-01},
  url     = {https://www.python.org/dev/peps/pep-0008/},
  urldate = {2018-12-05},
  file    = {:Quellen/PEP 8 -- Style Guide for Python Code/PEP 8 -- Style Guide for Python Code.htm:htm},
}

@Online{numpydocmaintainers2018,
  author  = {{numpydoc maintainers}},
  title   = {numpydoc docstring guide},
  date    = {2018-06-16},
  url     = {https://numpydoc.readthedocs.io/en/latest/format.html},
  urldate = {2018-12-05},
  file    = {:Quellen/numpydoc docstring guide/numpydoc docstring guide.html:URL},
}

@Online{Cordasco2018,
  author  = {Ian Stapleton Cordasco},
  title   = {Flake8: Your Tool For Style Guide Enforcement},
  date    = {2018-11-22},
  url     = {http://flake8.pycqa.org/en/latest/},
  urldate = {2018-12-05},
}

@Online{PyCQA,
  author  = {{PyCQA}},
  title   = {Pylint},
  date    = {2018-04-10},
  url     = {https://www.pylint.org/},
  urldate = {2018-12-05},
  file    = {:Quellen/Pylint/Pylint.htm:htm},
}

@Online{Rossum2014,
  author  = {Guido van Rossum and Jukka Lehtosalo and Łukasz Langa},
  title   = {PEP 484 -- Type Hints},
  date    = {2014-09-29},
  url     = {https://www.python.org/dev/peps/pep-0484/},
  urldate = {2018-12-05},
  file    = {:Quellen/PEP 484 -- Type Hints/PEP 484 -- Type Hints.htm:htm},
}

@Online{McGuire2018,
  author  = {Paul McGuire},
  title   = {PyParsing – A Python Parsing Module},
  date    = {2018-11-23},
  url     = {https://github.com/pyparsing/pyparsing},
  urldate = {2018-12-10},
  file    = {:Quellen/PyParsing – A Python Parsing Module/PyParsing – A Python Parsing Module.htm:htm},
}

@Online{McGuire2018a,
  author  = {Paul McGuire},
  title   = {Using the pyparsing module: Usage notes},
  date    = {2018-08},
  url     = {https://pyparsing-docs.readthedocs.io/en/latest/HowToUsePyparsing.html#usage-notes},
  urldate = {2018-12-10},
  file    = {:Quellen/Using the pyparsing module Usage notes/Using the pyparsing module Usage notes.html:URL},
}

@Online{Rose2012,
  author  = {Erik Rose},
  title   = {Parsing Horrible Things with Python},
  date    = {2012-03-12},
  url     = {https://youtu.be/tCUdeLIj4hE?t=906},
  urldate = {2018-12-10},
}

@Online{Hevery2008,
  author       = {Miško Hevery},
  title        = {Singletons are Pathological Liars},
  date         = {2008-08-17},
  url          = {https://testing.googleblog.com/2008/08/by-miko-hevery-so-you-join-new-project.html},
  organization = {Google},
  file         = {:Quellen/Singletons are Pathological Liars/Singletons are Pathological Liars.html:URL},
}

@Online{Docker2019,
  author = {{Docker Inc.}},
  title  = {Docker for Developers},
  date   = {2019-02-28},
  url    = {https://www.docker.com/get-started},
  file   = {:Quellen/Docker for Developers/Docker for Developers.htm:htm},
}

@Online{Docker2019a,
  author = {{Docker Inc.}},
  title  = {Docker overview},
  date   = {2019-03-01},
  url    = {https://docs.docker.com/engine/docker-overview/},
  file   = {:Quellen/Docker overview/Docker overview.htm:htm},
}

@Online{Procida2019,
  author = {Daniele Procida},
  title  = {How to use a directory outside C:\textbackslash{}Users with Docker Toolbox/Docker for Windows},
  date   = {2019-03-01},
  url    = {https://support.divio.com/local-development/docker/how-to-use-a-directory-outside-cusers-with-docker-toolboxdocker-for-windows},
  file   = {:Quellen/How to use a directory outside CUsers with Docker ToolboxDocker for Windows/How to use a directory outside CUsers with Docker ToolboxDocker for Windows.htm:htm},
}

@Online{Singh2019,
  author = {Manan Singh},
  title  = {cfiles},
  date   = {2019-01-17},
  url    = {https://github.com/mananapr/cfiles/commit/a4e8ba74f2662f2df5a45deb3a4377936d5141fb},
  file   = {:Quellen/cfiles/cfiles.htm:htm},
}

@Comment{jabref-meta: databaseType:biblatex;}
